%% This BibTeX bibliography file was created using BibDesk.
%% http://bibdesk.sourceforge.net/


%% Created for Patrick Permien at 2012-07-27 12:30:15 +0200 


%% Saved with string encoding Unicode (UTF-8) 



@misc{neumann2012,
	Author = {Alexander Neumann},
	Date-Added = {2012-07-27 10:06:45 +0000},
	Date-Modified = {2012-07-27 10:07:28 +0000},
	Howpublished = {\url{http://heise.de/-1616090}},
	Month = {06},
	Title = {Statische Codeanalysen von Java-Webanwendungen},
	Year = {2012}}

@book{spillner2011,
	Address = {Heidelberg},
	Author = {Andreas Spillner and Thomas Ro{\ss}ner and Mario Winter and Tilo Linz},
	Date-Added = {2012-05-07 14:25:04 +0000},
	Date-Modified = {2012-05-07 14:27:30 +0000},
	Edition = {3.},
	Isbn = {978-3-89864-746-5},
	Keywords = {Software. Testen. Qualit{\"a}tsmanagement. Softwaretest. Programmtest. Qualit{\"a}tsmanagement},
	Pages = {XX, 443 S.},
	Publisher = {dpunkt},
	Title = {Praxiswissen Softwaretest - Testmanagement: Aus- und Weiterbildung zum Certified Tester - Advanced Level nach ISTQB-Standard},
	Year = {2011}}

@book{mcconnell2004,
	Address = {Redmond},
	Author = {Steve McConnell},
	Date-Added = {2012-05-07 11:21:27 +0200},
	Date-Modified = {2012-05-07 11:28:16 +0200},
	Edition = {2.},
	Publisher = {Microsoft Press},
	Title = {{Code Complete: A Practical Handbook of Software Construction}},
	Url = {http://www.cc2e.com},
	Year = {2004},
	Bdsk-Url-1 = {http://www.cc2e.com}}

@article{codereviews:meyer,
	Author = {Bertrand Meyer},
	Date-Added = {2012-05-07 11:14:43 +0200},
	Date-Modified = {2012-05-07 11:19:02 +0200},
	Journal = {Communications of the ACM},
	Keywords = {Code Reviews},
	Month = {09},
	Pages = {71-86, Ausgabe 51 (9)},
	Title = {{Design and Code Reviews in the Age of the Internet}},
	Year = {2008}}

@misc{mondrian,
	Author = {Guido van Rossum},
	Date-Added = {2012-05-07 11:14:41 +0200},
	Date-Modified = {2012-05-07 11:14:41 +0200},
	Howpublished = {\url{http://www.youtube.com/watch?v=sMql3Di4Kgc}},
	Keywords = {mondrian, google, Code Reviews, code review tools},
	Title = {{Mondrian: Code Review On The Web (Google Tech Talk)}},
	Year = {2006}}

@misc{findbugsUser,
	Author = {FindBugs},
	Howpublished = {\url{http://findbugs.sourceforge.net/users.html}},
	Title = {FindBugs Users},
	Year = {2012}}

@misc{findbugsDetector,
	Author = {Chris Grindstaff},
	Howpublished = {\url{http://www.ibm.com/developerworks/library/j-findbug2/}},
	Title = {Writing custom detectors},
	Year = {2004}}

@misc{pmdBedeutung,
	Author = {PMD},
	Date-Modified = {2012-07-27 10:30:15 +0000},
	Howpublished = {\url{http://pmd.sourceforge.net/meaning.html}},
	Title = {Writing {C}ustom {D}etectors},
	Year = {2012}}

@misc{pmdRabin,
	Author = {Higher Education Academy - ICS},
	Howpublished = {\url{http://www.ics.heacademy.ac.uk/resources/assessment/plagiarism/demo_cpd.html}},
	Title = {Plagiarism Prevention and Detection},
	Year = {2012}}

@misc{pmdAST,
	Author = {PMD},
	Date-Modified = {2012-07-27 10:29:55 +0000},
	Howpublished = {\url{http://pmd.sourceforge.net/howtowritearule.html}},
	Title = {How to write a {PMD} rule},
	Year = {2012}}

@book{feathers2011,
	Address = {Heidelberg [u.a.]},
	Author = {Michael C. Feathers},
	Date-Added = {2012-05-06 21:25:29 +0200},
	Date-Modified = {2012-05-06 21:26:40 +0200},
	Editor = {1.},
	Publisher = {mitp},
	Title = {Effektives Arbeiten mit Legacy Code: Refactoring und Testen bestehender Software},
	Year = {2011}}

@book{liggesmeyer2009,
	Address = {Heidelberg},
	Author = {Peter Liggesmeyer},
	Date-Added = {2012-05-06 21:14:39 +0200},
	Date-Modified = {2012-05-07 09:56:47 +0000},
	Edition = {2.},
	Publisher = {Spektrum, Akad. Verl.},
	Title = {Software-Qualit{\"a}t: Testen, Analysieren und Verifizieren von Software},
	Year = {2009}}

@book{schneider2007,
	Author = {Kurt Schneider},
	Date-Added = {2012-05-06 21:11:00 +0200},
	Date-Modified = {2012-05-06 21:13:42 +0200},
	Edition = {1.},
	Publisher = {dpunkt},
	Title = {Abenteuer Softwarequalit{\"a}t : Grundlagen und Verfahren f{\"u}r Qualit{\"a}tssicherung und Qualit{\"a}tsmanagement /},
	Year = {2007}}

@book{linz2010,
	Address = {Heidelberg},
	Author = {Spillner, Andreas and Linz, Tilo},
	Date-Added = {2012-05-06 21:07:38 +0200},
	Date-Modified = {2012-07-27 10:23:14 +0000},
	Edition = {4.},
	Isbn = {978-3898646420},
	Keywords = {Software. Testen. ISTQB Certified Tester},
	Publisher = {dpunkt},
	Title = {Basiswissen Softwaretest},
	Year = {2010},
	Bdsk-Url-1 = {http://deposit.ddb.de/cgi-bin/dokserv?id=2642587&prov=M&dok_var=1&dok_ext=htm}}

@mastersthesis{kaas2011,
	Address = {Stuttgart},
	Author = {Christian Kaas},
	Date-Added = {2012-05-06 21:01:05 +0200},
	Date-Modified = {2012-05-06 21:02:06 +0200},
	School = {Hochschule der Medien},
	Title = {{Vorlesungsunterlagen ``Software-Prozess- und Referenzmodelle in der Praxis''}},
	Year = {2011}}

@mastersthesis{doersam2012,
	Address = {Stuttgart},
	Author = {Barbara D{\"o}rsam},
	Date-Added = {2012-05-06 19:43:41 +0200},
	Date-Modified = {2012-05-06 21:34:31 +0200},
	School = {Hochschule der Medien},
	Title = {{Vorlesungsunterlagen ``Software-Test''}},
	Year = {2012}}
